@book{ENT,
	author = "Kenneth H. Rosen",
	title = "Elementary Number Theory and Its Application",
	publisher = "Pearson Education",
	year = 2005,
	edition = "Fifth"
}
